<?xml version="1.0" encoding="UTF-8"?><collection xmlns="http://www.loc.gov/MARC21/slim"><record><leader>00361nam--2200133-i-4500</leader><controlfield tag="001">000042619</controlfield><controlfield tag="002">20161230</controlfield><controlfield tag="005">20161230201043</controlfield><controlfield tag="008">060222s1000------------r-----000-0-eng-d</controlfield><datafield ind1=" " ind2=" " tag="080"><subfield code="a">519.271:519.283</subfield></datafield><datafield ind1=" " ind2=" " tag="100"><subfield code="a">Stancu-minasian,I.M</subfield></datafield><datafield ind1=" " ind2=" " tag="245"><subfield code="a">Programarea stocastica cu mai multe functii obiective</subfield></datafield><datafield ind1=" " ind2=" " tag="260"><subfield code="a">Bucuresti, Ed.Acad.Rsr, 1980. 258 P</subfield></datafield><datafield ind1=" " ind2=" " tag="852"><subfield code="a">47187</subfield></datafield></record></collection>